% NOTE: Leave four empty lines between entries.  That makes it
% easier to keep track of the entries with git, as it won't care
% about the contex.




@article{Atzori20102787,
title = "The Internet of Things: A survey ",
journal = "Computer Networks ",
volume = "54",
number = "15",
pages = "2787 - 2805",
year = "2010",
note = "",
issn = "1389-1286",
doi = "http://dx.doi.org/10.1016/j.comnet.2010.05.010",
url = "http://www.sciencedirect.com/science/article/pii/S1389128610001568",
pdf = http://www.social-iot.org/d/IoTSurvey.pdf, 
author = "Luigi Atzori and Antonio Iera and Giacomo Morabito",
keywords = "Internet of Things",
keywords = "Pervasive computing",
keywords = "\{RFID\} systems "
}




@techreport{Olson2002,
title = "Fix Globalization: Make it more inclusive, democratic,
                  accountable and sustainable",
author = "Deborah Groban Olson and John Logue",
url = "http://cog.kent.edu/DC\%20Conference/DCCOnferenceReport.htm",
institution = "Capital Ownership Group, Ford Foundation",
year = "2002",
month = oct
}




@other{Kickstarter,
title = "Kickstarter",
url = "http://www.kickstarter.com",
}




@article{hamad2009energy,
  title={Energy-aware Security in M-Commerce and the Internet of Things},
  author={Hamad, Fadi and Smalov, Leonid and James, Anne and others},
  journal={IETE Technical review},
  volume={26},
  number={5},
  pages={357},
  year={2009},
  publisher={Medknow Publications}
}




@article{lopez2012adding,
  title={Adding sense to the Internet of Things},
  author={L{\'o}pez, Tom{\'a}s S{\'a}nchez and Ranasinghe, Damith C and Harrison, Mark and McFarlane, Duncan},
  journal={Personal and Ubiquitous Computing},
  volume={16},
  number={3},
  pages={291--308},
  year={2012},
  publisher={Springer}
}




@article{akyildiz2002wireless,
  title={Wireless sensor networks: a survey},
  author={Akyildiz, Ian F and Su, Weilian and Sankarasubramaniam, Yogesh and Cayirci, Erdal},
  journal={Computer networks},
  volume={38},
  number={4},
  pages={393--422},
  year={2002},
  publisher={Elsevier}
}




@other{ABIresearch,
title = "ABI research",
url = "https://www.abiresearch.com/press/more-than-30-billion-devices-will-wirelessly-conne",
}

